<?xml version="1.0" encoding="UTF-8"?><collection xmlns="http://www.loc.gov/MARC21/slim"><record><leader>00643nam--2200193-i-4500</leader><controlfield tag="001">000020555</controlfield><controlfield tag="002">20161230</controlfield><controlfield tag="005">20161230201033</controlfield><controlfield tag="008">060222s1000------------r-----000-0-eng-d</controlfield><datafield ind1=" " ind2=" " tag="040"><subfield code="a">IFIN-HH</subfield></datafield><datafield ind1=" " ind2=" " tag="080"><subfield code="a">538.971(061.3)</subfield></datafield><datafield ind1="1" ind2=" " tag="100"><subfield code="a">Zabel, H</subfield></datafield><datafield ind1="1" ind2="0" tag="245"><subfield code="a">Surface x-ray and neutron scattering</subfield><subfield code="b">Proceedings of the 2nd international conference, physik zentrum, bad honnef, germany, june 25-28, 1991</subfield><subfield code="c">H.zabel, i.k. robinson (eds.)</subfield></datafield><datafield ind1=" " ind2=" " tag="260"><subfield code="a">Berlin</subfield><subfield code="b">Spriinger-verlag</subfield><subfield code="c">1991</subfield></datafield><datafield ind1=" " ind2=" " tag="300"><subfield code="a">XI+256 P</subfield></datafield><datafield ind1=" " ind2=" " tag="490"><subfield code="a">Springer Proceedings In Physics. Vol.61</subfield></datafield><datafield ind1="1" ind2=" " tag="700"><subfield code="a">Robinson, I.K</subfield><subfield code="e">Ed</subfield></datafield><datafield ind1=" " ind2=" " tag="852"><subfield code="a">78675</subfield><subfield code="c">53</subfield></datafield><datafield ind1=" " ind2=" " tag="CAT"><subfield code="a">Sys</subfield><subfield code="c">20150814</subfield><subfield code="h">122140</subfield></datafield></record></collection>